@article{mr-book,
    author = {Philip K. Dick},
    title = {Minority Report (The book)},
    year = {1956}
}
@article{ons-crime,
    author = {Office Of National Statistics},
    title = {Crime in England and Wales: year ending June 2020},
    date = {28 October 2020},
    note = {\url{https://www.ons.gov.uk/peoplepopulationandcommunity/crimeandjustice/bulletins/crimeinenglandandwales/yearendingjune2020#knife-or-sharp-instrument-offences}},
    pages = {5},
    year = {2020},
}
@article{ho-pw,
    author = {Home Office},
    title = {Police workforce},
    year = {2020},
    note = {\url{https://assets.publishing.service.gov.uk/government/uploads/system/uploads/attachment_data/file/905169/police-workforce-mar20-hosb2020.pdf}},
}